@article{sengupta2017encoding,
  title={Encoding neural and synaptic functionalities in electron spin: A pathway to efficient neuromorphic computing},
  author={Sengupta, Abhronil and Roy, Kaushik},
  journal={Applied Physics Reviews},
  volume={4},
  number={4},
  pages={041105},
  year={2017},
  publisher={AIP Publishing LLC}
}